@misc{president202502,
  title = {“Mercury’s sky is pitch black” - An astrophysicist explains “Why the sky is blue in a way even elementary schoolers can understand”},
  organization = {President Online},
  howpublished = {Article},
  year = {2025},
  month = {2},
  day = {28},
  keywords = {writing}
}

@misc{ynu202502,
  title = {What I thought and what I didn’t — The value of inefficiency starting from university entrance},
  organization = {Yokohama National University Doctoral Student Support},
  howpublished = {Lecture},
  year = {2025},
  month = {2},
  day = {20},
  keywords = {lecture}
}

@misc{furatto202407,
  title = {Beyond gender boundaries before the mysteries of the universe — Thinking about STEM career paths for women with a young physicist},
  organization = {Flat Citizen Seminar},
  howpublished = {Lecture},
  year = {2024},
  month = {7},
  day = {28},
  keywords = {lecture}
}

@misc{president202404,
  title = {The hidden financial realities of the popular children's career “Researcher”},
  organization = {President Online},
  howpublished = {Article},
  year = {2024},
  month = {4},
  day = {23},
  keywords = {writing}
}

@misc{president202312,
  title = {Disintegrated in less than 0.000001 seconds... A physicist answers a frequently asked question: “What happens if a person falls into a black hole?”},
  organization = {President Online},
  howpublished = {Article},
  year = {2023},
  month = {12},
  day = {30},
  keywords = {writing}
}

@misc{recurrent202312,
  title = {Probing the depths of the universe with ripples in spacetime — From gravitational wave generation to cutting-edge detection technology},
  organization = {Recurrent Learning Program},
  howpublished = {Lecture},
  year = {2023},
  month = {12},
  day = {13},
  keywords = {lecture}
}

@misc{shibaura202312,
  title = {Probing the depths of the universe with ripples in spacetime},
  organization = {Shibaura Institute of Technology Kashiwa Junior and Senior High School},
  howpublished = {Lecture},
  year = {2023},
  month = {12},
  day = {12},
  keywords = {lecture}
}

@misc{kagaq202311,
  title = {Testing General Relativity and Gravitational Wave Observation},
  organization = {KagaQ Tsukiyo Science},
  howpublished = {Lecture},
  year = {2023},
  month = {11},
  day = {27},
  keywords = {lecture}
}

@misc{hakubi202311,
  title = {Researchers’ Twitter Strategy},
  organization = {Kyoto University Hakubi Center Symposium},
  howpublished = {Guest Speaker},
  year = {2023},
  month = {11},
  day = {20},
  keywords = {appearance}
}

@misc{asahi20231016,
  title = {Jo-Ha-Kyu},
  organization = {Asahi Shimbun Morning Edition},
  howpublished = {Interview Article},
  year = {2023},
  month = {10},
  day = {16},
  keywords = {interview}
}

@misc{asahi20231012,
  title = {Good Gourmet},
  organization = {Asahi Shimbun Evening Edition},
  howpublished = {Interview Article},
  year = {2023},
  month = {10},
  day = {12},
  keywords = {interview}
}

@misc{akiba20231008,
  title = {Doctor Idol Project: Final Audition},
  organization = {Akihabara UDX Event},
  howpublished = {Concept & Planning},
  year = {2023},
  month = {10},
  day = {8},
  keywords = {others}
}

@misc{mainichi20231004,
  title = {Mizu Setsu},
  organization = {Mainichi Shimbun Morning Edition},
  howpublished = {Interview Article},
  year = {2023},
  month = {10},
  day = {4},
  keywords = {interview}
}

@misc{presidentfamily202309,
  title = {President Family Autumn Issue},
  organization = {President Inc.},
  howpublished = {Interview Article},
  year = {2023},
  month = {9},
  day = {5},
  keywords = {interview}
}

@misc{kyodo20230513,
  title = {47NEWS},
  organization = {Kyodo News Agency},
  howpublished = {Interview Article},
  year = {2023},
  month = {5},
  day = {13},
  keywords = {interview}
}

@misc{yomiuri20230413,
  title = {The Gate of News},
  organization = {Yomiuri Shimbun},
  howpublished = {Interview Article},
  year = {2023},
  month = {4},
  day = {13},
  keywords = {interview}
}

@misc{tbs20230211,
  title = {Ashita no College},
  organization = {TBS Radio},
  howpublished = {Guest Live Appearance},
  year = {2023},
  month = {2},
  day = {11},
  keywords = {appearance}
}

@misc{kyoto20230305,
  title = {Exploring the Mysteries of the Universe with Gravity},
  organization = {Kyoto University Faculty of Science Orientation for High School Girls},
  howpublished = {Lecture},
  year = {2023},
  month = {3},
  day = {5},
  keywords = {lecture}
}

@misc{minoo20220804,
  title = {Probing the Universe with Gravitational Waves},
  organization = {Minoh Jiyu Gakuen High School},
  howpublished = {Lecture},
  year = {2022},
  month = {8},
  day = {4},
  keywords = {lecture}
}

@misc{nhk20220727,
  title = {Kyoto One Day},
  organization = {NHK Kyoto},
  howpublished = {Guest Live Appearance},
  year = {2022},
  month = {7},
  day = {27},
  keywords = {appearance}
}

@misc{mainichi20220620,
  title = {Yuraku Note},
  organization = {Mainichi Shimbun},
  howpublished = {Interview Article},
  year = {2022},
  month = {6},
  day = {20},
  keywords = {interview}
}

@misc{youtube202202,
  title = {4-Panel Universe},
  organization = {YouTube Channel},
  howpublished = {Total views: 278,000},
  year = {2022},
  month = {2},
  keywords = {others}
}
