@misc{president202502,
  title = {｢水星の空は真っ黒｣という衝撃事実…宇宙物理学者が解説する｢小学生にもわかる地球の空が青い理由｣},
  organization = {プレジデントオンライン},
  howpublished = {執筆記事掲載},
  year = {2025},
  month = {2},
  day = {28},
  keywords = {writing}
}

@misc{ynu202502,
  title = {何を考えて、何を考えてこなかったか ~大学進学から始める非効率のススメ~},
  organization = {横浜国立大学博士学生支援},
  howpublished = {講演},
  year = {2025},
  month = {2},
  day = {20},
  keywords = {lecture}
}

@misc{furatto202407,
  title = {宇宙の謎の前にジェンダーの枠を乗り超えて〜若手物理学者と考える女性の理系進路選択〜},
  organization = {ふらっと市民セミナー},
  howpublished = {講演},
  year = {2024},
  month = {7},
  day = {28},
  keywords = {lecture}
}

@misc{president202404,
  title = {子どもの人気職業｢研究者｣の知られざる経済事情},
  organization = {プレジデントオンライン},
  howpublished = {執筆記事掲載},
  year = {2024},
  month = {4},
  day = {23},
  keywords = {writing}
}

@misc{president202312,
  title = {0.000001秒未満でバラバラに…「ブラックホールに人が落ちるとどうなるか」研究者が高頻度でされる質問に丁寧回答},
  organization = {プレジデントオンライン},
  howpublished = {執筆記事掲載},
  year = {2023},
  month = {12},
  day = {30},
  keywords = {writing}
}

@misc{recurrent202312,
  title = {時空のさざ波で迫る宇宙の深淵 ~重力波の生成から最先端技術の結晶が成し遂げる検出まで~},
  organization = {リカレントラーニング講座},
  howpublished = {講演},
  year = {2023},
  month = {12},
  day = {13},
  keywords = {lecture}
}

@misc{shibaura202312,
  title = {時空のさざ波で迫る宇宙の深淵},
  organization = {芝浦工業大学柏中学高等学校},
  howpublished = {講演},
  year = {2023},
  month = {12},
  day = {12},
  keywords = {lecture}
}

@misc{kagaq202311,
  title = {一般相対性理論の検証と重力波観測},
  organization = {KagaQ 月夜サイエンス},
  howpublished = {講演},
  year = {2023},
  month = {11},
  day = {27},
  keywords = {lecture}
}

@misc{hakubi202311,
  title = {研究者のツイッター活用戦略},
  organization = {京都大学白眉センター座談会},
  howpublished = {ゲスト登壇},
  year = {2023},
  month = {11},
  day = {20},
  keywords = {appearance}
}

@misc{asahi20231016,
  title = {序破急},
  organization = {朝日新聞朝刊},
  howpublished = {取材記事掲載},
  year = {2023},
  month = {10},
  day = {16},
  keywords = {interview}
}

@misc{asahi20231012,
  title = {グッとグルメ},
  organization = {朝日新聞夕刊},
  howpublished = {取材記事掲載},
  year = {2023},
  month = {10},
  day = {12},
  keywords = {interview}
}

@misc{akiba20231008,
  title = {博士アイドル化計画　最終オーディション},
  organization = {秋葉原UDXイベント},
  howpublished = {発案・企画},
  year = {2023},
  month = {10},
  day = {8},
  keywords = {others}
}

@misc{mainichi20231004,
  title = {水説},
  organization = {毎日新聞朝刊},
  howpublished = {取材記事掲載},
  year = {2023},
  month = {10},
  day = {4},
  keywords = {interview}
}

@misc{presidentfamily202309,
  title = {プレジデントファミリー秋号},
  organization = {プレジデント社},
  howpublished = {取材記事掲載},
  year = {2023},
  month = {9},
  day = {5},
  keywords = {interview}
}

@misc{kyodo20230513,
  title = {47NEWS},
  organization = {共同通信社},
  howpublished = {取材記事掲載},
  year = {2023},
  month = {5},
  day = {13},
  keywords = {interview}
}

@misc{yomiuri20230413,
  title = {ニュースの門},
  organization = {読売新聞},
  howpublished = {取材記事掲載},
  year = {2023},
  month = {4},
  day = {13},
  keywords = {interview}
}

@misc{tbs20230211,
  title = {アシタノカレッジ},
  organization = {TBSラジオ},
  howpublished = {ゲスト生出演},
  year = {2023},
  month = {2},
  day = {11},
  keywords = {appearance}
}

@misc{kyoto20230305,
  title = {宇宙の謎を重力で覗こう},
  organization = {女子高生のための京都大学理学部案内},
  howpublished = {講演},
  year = {2023},
  month = {3},
  day = {5},
  keywords = {lecture}
}

@misc{minoo20220804,
  title = {重力波で覗く宇宙},
  organization = {箕面自由学園高等学校},
  howpublished = {講演},
  year = {2022},
  month = {8},
  day = {4},
  keywords = {lecture}
}

@misc{nhk20220727,
  title = {京いちにち},
  organization = {NHK京都},
  howpublished = {ゲスト生出演},
  year = {2022},
  month = {7},
  day = {27},
  keywords = {appearance}
}

@misc{mainichi20220620,
  title = {憂楽帳},
  organization = {毎日新聞},
  howpublished = {取材記事掲載},
  year = {2022},
  month = {6},
  day = {20},
  keywords = {interview}
}

@misc{youtube202202,
  title = {4コマ宇宙},
  organization = {YouTubeチャンネル},
  howpublished = {総視聴回数278,000},
  year = {2022},
  month = {2},
  keywords = {others}
}

