% Books

@book{Takeda2023book,
  author = {武田紘樹},
  title = {広大すぎる宇宙の謎を解き明かす 14歳からの宇宙物理学},
  publisher = {KADOKAWA},
  date = {2023-03-20},
  language = {Japanese},
  pages = {192},
  keywords = {book},
}

@book{Takeda2024book,
  author = {武田紘樹},
  translator = {チョン・ジョンフン},
  title = {読んだ瞬間に宇宙の構造が見えてくる宇宙物理学事典（韓国語翻訳版）},
  publisher = {ボーナス},
  date = {2024-07-10},
  language = {Japanese},
  pages = {200},
  note = {原著「広大すぎる宇宙の謎を解き明かす 14歳からの宇宙物理学」（KADOKAWA, 2023年3月20日）の韓国語翻訳。},
  keywords = {book},
}