% Books

@book{Takeda2023book,
  author = {Hiroki Takeda},
  title = {Unveiling the Mysteries of the Vast Universe: Astrophysics from the Age of 14},
  publisher = {KADOKAWA},
  date = {2023-03-20},
  pages = {192},
  language = {Japanese},
  keywords = {book},
}

@book{Takeda2024book,
  author = {Hiroki Takeda},
  translator = {Jeon Jong-Hoon},
  title = {Astrophysics Encyclopedia: Understanding the Structure of the Universe at a Glance (Korean Translation)},
  publisher = {Bonus Publishing},
  date = {2024-07-10},
  pages = {200},
  note = {Korean translation of "Unveiling the Mysteries of the Vast Universe: Astrophysics from the Age of 14" (KADOKAWA, Mar. 2023)},
  language = {Korean},
  keywords = {book},
}