% Collaboration papers
@article{KAGRA:2017tir,
    author = "Akutsu, T. and others",
    collaboration = "KAGRA",
    title = "{Construction of KAGRA: an Underground Gravitational Wave Observatory}",
    eprint = "1712.00148",
    archivePrefix = "arXiv",
    primaryClass = "gr-qc",
    doi = "10.1093/ptep/ptx180",
    journal = "PTEP",
    volume = "2018",
    number = "1",
    pages = "013F01",
    year = "2018"
}

@article{KAGRA:2018plz,
    author = "Akutsu, T. and others",
    collaboration = "KAGRA",
    title = "{KAGRA: 2.5 Generation Interferometric Gravitational Wave Detector}",
    eprint = "1811.08079",
    archivePrefix = "arXiv",
    primaryClass = "gr-qc",
    reportNumber = "JGW-P1809243",
    doi = "10.1038/s41550-018-0658-y",
    journal = "Nature Astron.",
    volume = "3",
    number = "1",
    pages = "35--40",
    year = "2019"
}

@article{KAGRA:2019ywe,
    author = "Akiyama, Y. and others",
    collaboration = "KAGRA",
    title = "{Vibration isolation system with a compact damping system for power recycling mirrors of KAGRA}",
    eprint = "1901.03053",
    archivePrefix = "arXiv",
    primaryClass = "physics.ins-det",
    doi = "10.1088/1361-6382/ab0fcb",
    journal = "Class. Quant. Grav.",
    volume = "36",
    number = "9",
    pages = "095015",
    year = "2019"
}

@article{KAGRA:2019htd,
    author = "Akutsu, T. and others",
    collaboration = "KAGRA",
    title = "{First cryogenic test operation of underground km-scale gravitational-wave observatory KAGRA}",
    eprint = "1901.03569",
    archivePrefix = "arXiv",
    primaryClass = "astro-ph.IM",
    reportNumber = "JGW-P1809289",
    doi = "10.1088/1361-6382/ab28a9",
    journal = "Class. Quant. Grav.",
    volume = "36",
    number = "16",
    pages = "165008",
    year = "2019"
}

@article{KAGRA:2019lez,
    author = "Akutsu, T. and others",
    collaboration = "KAGRA",
    title = "{An arm length stabilization system for KAGRA and future gravitational-wave detectors}",
    eprint = "1910.00955",
    archivePrefix = "arXiv",
    primaryClass = "physics.ins-det",
    doi = "10.1088/1361-6382/ab5c95",
    journal = "Class. Quant. Grav.",
    volume = "37",
    number = "3",
    pages = "035004",
    year = "2020"
}

@article{KAGRA:2019cqm,
    author = "Akutsu, T. and others",
    collaboration = "KAGRA",
    title = "{Application of independent component analysis to the iKAGRA data}",
    eprint = "1908.03013",
    archivePrefix = "arXiv",
    primaryClass = "astro-ph.IM",
    reportNumber = "JGW-P1910218, RESCEU-4/19",
    doi = "10.1093/ptep/ptaa056",
    journal = "PTEP",
    volume = "2020",
    number = "5",
    pages = "053F01",
    year = "2020"
}

@article{Barausse:2020rsu,
    author = "Barausse, Enrico and others",
    collaboration = "LISA",
    title = "{Prospects for Fundamental Physics with LISA}",
    eprint = "2001.09793",
    archivePrefix = "arXiv",
    primaryClass = "gr-qc",
    doi = "10.1007/s10714-020-02691-1",
    journal = "Gen. Rel. Grav.",
    volume = "52",
    number = "8",
    pages = "81",
    year = "2020"
}

@article{KAGRA:2013rdx,
    author = "Abbott, B. P. and others",
    collaboration = "LIGO Scientific, Virgo, KAGRA",
    title = "{Prospects for observing and localizing gravitational-wave transients with Advanced LIGO, Advanced Virgo and KAGRA}",
    eprint = "1304.0670",
    archivePrefix = "arXiv",
    primaryClass = "gr-qc",
    reportNumber = "LIGO-P1200087, VIR-0288A-12, JGW-P1808427",
    doi = "10.1007/s41114-020-00026-9",
    journal = "Living Rev. Rel.",
    volume = "19",
    pages = "1",
    year = "2016"
}

@article{KAGRA:2020tym,
    author = "Akutsu, T. and others",
    collaboration = "KAGRA",
    title = "{Overview of KAGRA: Detector design and construction history}",
    eprint = "2005.05574",
    archivePrefix = "arXiv",
    primaryClass = "physics.ins-det",
    doi = "10.1093/ptep/ptaa125",
    journal = "PTEP",
    volume = "2021",
    number = "5",
    pages = "05A101",
    year = "2021"
}

@article{KAGRA:2020cvd,
    author = "Akutsu, T. and others",
    collaboration = "KAGRA",
    title = "{Overview of KAGRA : KAGRA science}",
    eprint = "2008.02921",
    archivePrefix = "arXiv",
    primaryClass = "gr-qc",
    doi = "10.1093/ptep/ptaa120",
    month = "8",
    year = "2020"
}

@article{KAGRA:2020agh,
    author = "Akutsu, T. and others",
    collaboration = "KAGRA",
    title = "{Overview of KAGRA: Calibration, detector characterization, physical environmental monitors, and the geophysics interferometer}",
    eprint = "2009.09305",
    archivePrefix = "arXiv",
    primaryClass = "gr-qc",
    doi = "10.1093/ptep/ptab018",
    journal = "PTEP",
    volume = "2021",
    number = "5",
    pages = "05A102",
    year = "2021"
}

@article{Akutsu:2021auw,
    author = "Akutsu, T. and others",
    collaboration = "KAGRA",
    title = "{Vibration isolation systems for the beam splitter and signal recycling mirrors of the KAGRA gravitational wave detector}",
    doi = "10.1088/1361-6382/abd922",
    journal = "Class. Quant. Grav.",
    volume = "38",
    number = "6",
    pages = "065011",
    year = "2021"
}

@article{LIGOScientific:2020lkw,
    author = "Abbott, R. and others",
    collaboration = "LIGO Scientific, Virgo, KAGRA",
    title = "{Diving below the Spin-down Limit: Constraints on Gravitational Waves from the
Energetic Young Pulsar PSR J0537-6910}",
    eprint = "2012.12926",
    archivePrefix = "arXiv",
    primaryClass = "astro-ph.HE",
    reportNumber = "LIGO-P2000407",
    doi = "10.3847/2041-8213/abffcd",
    journal = "Astrophys. J.",
    volume = "913",
    pages = "L27",
    year = "2021"
}

@article{KAGRA:2021kbb,
    author = "Abbott, R. and others",
    collaboration = "LIGO Scientific, Virgo, KAGRA",
    title = "{Upper limits on the isotropic gravitational-wave background from Advanced LIGO and Advanced Virgo\textquoteright{}s third observing run}",
    eprint = "2101.12130",
    archivePrefix = "arXiv",
    primaryClass = "gr-qc",
    reportNumber = "LIGO-DCC-P2000314",
    doi = "10.1103/PhysRevD.104.022004",
    journal = "Phys. Rev. D",
    volume = "104",
    number = "2",
    pages = "022004",
    year = "2021"
}

@article{LIGOScientific:2021nrg,
    author = "Abbott, R. and others",
    collaboration = "LIGO Scientific, Virgo, KAGRA",
    title = "{Constraints on Cosmic Strings Using Data from the Third Advanced LIGO\textendash{}Virgo Observing Run}",
    eprint = "2101.12248",
    archivePrefix = "arXiv",
    primaryClass = "gr-qc",
    reportNumber = "LIGO-P2000506",
    doi = "10.1103/PhysRevLett.126.241102",
    journal = "Phys. Rev. Lett.",
    volume = "126",
    number = "24",
    pages = "241102",
    year = "2021"
}

@article{KAGRA:2021mth,
    author = "Abbott, R. and others",
    collaboration = "LIGO Scientific, Virgo, KAGRA",
    title = "{Search for anisotropic gravitational-wave backgrounds using data from Advanced LIGO and Advanced Virgo\textquoteright{}s first three observing runs}",
    eprint = "2103.08520",
    archivePrefix = "arXiv",
    primaryClass = "gr-qc",
    reportNumber = "LIGO-P2000500",
    doi = "10.1103/PhysRevD.104.022005",
    journal = "Phys. Rev. D",
    volume = "104",
    number = "2",
    pages = "022005",
    year = "2021"
}

@article{LIGOScientific:2021yby,
    author = "Abbott, R. and others",
    collaboration = "LIGO Scientific, Virgo, KAGRA",
    title = "{Constraints from LIGO O3 Data on Gravitational-wave Emission Due to R-modes in the Glitching Pulsar PSR J0537\textendash{}6910}",
    eprint = "2104.14417",
    archivePrefix = "arXiv",
    primaryClass = "astro-ph.HE",
    reportNumber = "LIGO-P2100069",
    doi = "10.3847/1538-4357/ac0d52",
    journal = "Astrophys. J.",
    volume = "922",
    number = "1",
    pages = "71",
    year = "2021"
}

@article{LIGOScientific:2021mwx,
    author = "Abbott, R. and others",
    collaboration = "LIGO Scientific, Virgo, KAGRA",
    title = "{Searches for Continuous Gravitational Waves from Young Supernova Remnants in the Early Third Observing Run of Advanced LIGO and Virgo}",
    eprint = "2105.11641",
    archivePrefix = "arXiv",
    primaryClass = "astro-ph.HE",
    doi = "10.3847/1538-4357/ac17ea",
    journal = "Astrophys. J.",
    volume = "921",
    number = "1",
    pages = "80",
    year = "2021"
}

@article{LIGOScientific:2021ffg,
    author = "Abbott, R. and others",
    collaboration = "LIGO Scientific, Virgo, KAGRA",
    title = "{Constraints on dark photon dark matter using data from LIGO\textquoteright{}s and Virgo\textquoteright{}s third observing run}",
    eprint = "2105.13085",
    archivePrefix = "arXiv",
    primaryClass = "astro-ph.CO",
    reportNumber = "LIGO-P2100098",
    doi = "10.1103/PhysRevD.105.063030",
    journal = "Phys. Rev. D",
    volume = "105",
    number = "6",
    pages = "063030",
    year = "2022",
    note = "[Erratum: Phys.Rev.D 109, 089902 (2024)]"
}

@article{LIGOScientific:2021tfm,
    author = "Abbott, Rich and others",
    collaboration = "LIGO Scientific, Virgo, KAGRA",
    title = "{Search for intermediate-mass black hole binaries in the third observing run of Advanced LIGO and Advanced Virgo}",
    eprint = "2105.15120",
    archivePrefix = "arXiv",
    primaryClass = "astro-ph.HE",
    reportNumber = "LIGO-P2100025",
    doi = "10.1051/0004-6361/202141452",
    journal = "Astron. Astrophys.",
    volume = "659",
    pages = "A84",
    year = "2022"
}

@article{LIGOScientific:2021qlt,
    author = "Abbott, R. and others",
    collaboration = "LIGO Scientific, Virgo, KAGRA",
    title = "{Observation of Gravitational Waves from Two Neutron Star\textendash{}Black Hole Coalescences}",
    eprint = "2106.15163",
    archivePrefix = "arXiv",
    primaryClass = "astro-ph.HE",
    reportNumber = "LIGO Document P2000357",
    doi = "10.3847/2041-8213/ac082e",
    journal = "Astrophys. J. Lett.",
    volume = "915",
    number = "1",
    pages = "L5",
    year = "2021"
}

@article{KAGRA:2022dwb,
    author = "Abbott, R. and others",
    collaboration = "LIGO Scientific, Virgo, KAGRA",
    title = "{All-sky search for continuous gravitational waves from isolated neutron stars using Advanced LIGO and Advanced Virgo O3 data}",
    eprint = "2201.00697",
    archivePrefix = "arXiv",
    primaryClass = "gr-qc",
    reportNumber = "LIGO-P2100367",
    doi = "10.1103/PhysRevD.106.102008",
    journal = "Phys. Rev. D",
    volume = "106",
    number = "10",
    pages = "102008",
    year = "2022"
}

@article{KAGRA:2021tnv,
    author = "Abbott, R. and others",
    collaboration = "LIGO Scientific, Virgo, KAGRA",
    title = "{All-sky search for short gravitational-wave bursts in the third Advanced LIGO and Advanced Virgo run}",
    eprint = "2107.03701",
    archivePrefix = "arXiv",
    primaryClass = "gr-qc",
    reportNumber = "P2100045",
    doi = "10.1103/PhysRevD.104.122004",
    journal = "Phys. Rev. D",
    volume = "104",
    number = "12",
    pages = "122004",
    year = "2021"
}

@article{KAGRA:2021bhs,
    author = "Abbott, R. and others",
    collaboration = "LIGO Scientific, Virgo, KAGRA",
    title = "{All-sky search for long-duration gravitational-wave bursts in the third Advanced LIGO and Advanced Virgo run}",
    eprint = "2107.13796",
    archivePrefix = "arXiv",
    primaryClass = "gr-qc",
    reportNumber = "P2100063",
    doi = "10.1103/PhysRevD.104.102001",
    journal = "Phys. Rev. D",
    volume = "104",
    number = "10",
    pages = "102001",
    year = "2021"
}

@article{LIGOScientific:2021ozr,
    author = "Abbott, R. and others",
    collaboration = "LIGO Scientific, Virgo, KAGRA",
    title = "{Search for continuous gravitational waves from 20 accreting millisecond
x-ray pulsars in O3 LIGO data}",
    eprint = "2109.09255",
    archivePrefix = "arXiv",
    primaryClass = "astro-ph.HE",
    reportNumber = "LIGO-P2100221",
    doi = "10.1103/PhysRevD.105.022002",
    journal = "Phys. Rev. D",
    volume = "105",
    pages = "022002",
    year = "2022"
}

@article{LIGOScientific:2021job,
    author = "Abbott, R. and others",
    collaboration = "LIGO Scientific, Virgo, KAGRA",
    title = "{Search for Subsolar-Mass Binaries in the First Half of Advanced LIGO\textquoteright{}s and Advanced Virgo\textquoteright{}s Third Observing Run}",
    eprint = "2109.12197",
    archivePrefix = "arXiv",
    primaryClass = "astro-ph.CO",
    reportNumber = "LIGO-P2100163-v8",
    doi = "10.1103/PhysRevLett.129.061104",
    journal = "Phys. Rev. Lett.",
    volume = "129",
    number = "6",
    pages = "061104",
    year = "2022"
}

@article{KAGRA:2021rmt,
    author = "Abbott, R. and others",
    collaboration = "LIGO Scientific, Virgo, KAGRA",
    title = "{All-sky, all-frequency directional search for persistent gravitational waves from Advanced LIGO\textquoteright{}s and Advanced Virgo\textquoteright{}s first three observing runs}",
    eprint = "2110.09834",
    archivePrefix = "arXiv",
    primaryClass = "gr-qc",
    reportNumber = "LIGO-P2100292",
    doi = "10.1103/PhysRevD.105.122001",
    journal = "Phys. Rev. D",
    volume = "105",
    number = "12",
    pages = "122001",
    year = "2022"
}

@article{KAGRA:2021duu,
    author = "Abbott, R. and others",
    collaboration = "LIGO Scientific, Virgo, KAGRA",
    title = "{Population of Merging Compact Binaries Inferred Using Gravitational Waves through GWTC-3}",
    eprint = "2111.03634",
    archivePrefix = "arXiv",
    primaryClass = "astro-ph.HE",
    reportNumber = "LIGO-P2100239 ; Data release: https://zenodo.org/record/5655785, LIGO-P2100239",
    doi = "10.1103/PhysRevX.13.011048",
    journal = "Phys. Rev. X",
    volume = "13",
    number = "1",
    pages = "011048",
    year = "2023"
}

@article{LIGOScientific:2021iyk,
    author = "Abbott, R. and others",
    collaboration = "LIGO Scientific, Virgo, KAGRA",
    title = "{Search for Gravitational Waves Associated with Gamma-Ray Bursts Detected by Fermi and Swift during the LIGO\textendash{}Virgo Run O3b}",
    eprint = "2111.03608",
    archivePrefix = "arXiv",
    primaryClass = "astro-ph.HE",
    reportNumber = "P2100091",
    doi = "10.3847/1538-4357/ac532b",
    journal = "Astrophys. J.",
    volume = "928",
    number = "2",
    pages = "186",
    year = "2022"
}

@article{KAGRA:2021vkt,
    author = "Abbott, R. and others",
    collaboration = "LIGO Scientific, Virgo, KAGRA",
    title = "{GWTC-3: Compact Binary Coalescences Observed by LIGO and Virgo during the Second Part of the Third Observing Run}",
    eprint = "2111.03606",
    archivePrefix = "arXiv",
    primaryClass = "gr-qc",
    reportNumber = "LIGO-P2000318",
    doi = "10.1103/PhysRevX.13.041039",
    journal = "Phys. Rev. X",
    volume = "13",
    number = "4",
    pages = "041039",
    year = "2023"
}

@article{LIGOScientific:2021aug,
    author = "Abbott, R. and others",
    collaboration = "LIGO Scientific, Virgo, KAGRA",
    title = "{Constraints on the Cosmic Expansion History from GWTC\textendash{}3}",
    eprint = "2111.03604",
    archivePrefix = "arXiv",
    primaryClass = "astro-ph.CO",
    reportNumber = "LIGO-P2100185-v6, LIGO-P2100185-v5",
    doi = "10.3847/1538-4357/ac74bb",
    journal = "Astrophys. J.",
    volume = "949",
    number = "2",
    pages = "76",
    year = "2023"
}

@article{LIGOScientific:2021hvc,
    author = "Abbott, R. and others",
    collaboration = "LIGO Scientific, Virgo, KAGRA",
    title = "{Searches for Gravitational Waves from Known Pulsars at Two Harmonics in the Second and Third LIGO-Virgo Observing Runs}",
    eprint = "2111.13106",
    archivePrefix = "arXiv",
    primaryClass = "astro-ph.HE",
    reportNumber = "LIGO-P2100049",
    doi = "10.3847/1538-4357/ac6acf",
    journal = "Astrophys. J.",
    volume = "935",
    number = "1",
    pages = "1",
    year = "2022"
}

@article{LIGOScientific:2021rnv,
    author = "Abbott, R. and others",
    collaboration = "LIGO Scientific, Virgo, KAGRA",
    title = "{All-sky search for gravitational wave emission from scalar boson clouds around spinning black holes in LIGO O3 data}",
    eprint = "2111.15507",
    archivePrefix = "arXiv",
    primaryClass = "astro-ph.HE",
    reportNumber = "P2100343",
    doi = "10.1103/PhysRevD.105.102001",
    journal = "Phys. Rev. D",
    volume = "105",
    number = "10",
    pages = "102001",
    year = "2022"
}

@article{LIGOScientific:2021sio,
    author = "Abbott, R. and others",
    collaboration = "LIGO Scientific, Virgo, KAGRA",
    title = "{Tests of General Relativity with GWTC-3}",
    eprint = "2112.06861",
    archivePrefix = "arXiv",
    primaryClass = "gr-qc",
    reportNumber = "LIGO-P2100275",
    month = "12",
    year = "2021"
}

@article{LIGOScientific:2021quq,
    author = "Abbott, R. and others",
    collaboration = "LIGO Scientific, Virgo, KAGRA",
    title = "{Narrowband Searches for Continuous and Long-duration Transient Gravitational Waves from Known Pulsars in the LIGO-Virgo Third Observing Run}",
    eprint = "2112.10990",
    archivePrefix = "arXiv",
    primaryClass = "gr-qc",
    reportNumber = "LIGO-P2100267",
    doi = "10.3847/1538-4357/ac6ad0",
    journal = "Astrophys. J.",
    volume = "932",
    number = "2",
    pages = "133",
    year = "2022"
}

@article{KAGRA:2022dwb,
    author = "Abbott, R. and others",
    collaboration = "LIGO Scientific, Virgo, KAGRA",
    title = "{All-sky search for continuous gravitational waves from isolated neutron stars using Advanced LIGO and Advanced Virgo O3 data}",
    eprint = "2201.00697",
    archivePrefix = "arXiv",
    primaryClass = "gr-qc",
    reportNumber = "LIGO-P2100367",
    doi = "10.1103/PhysRevD.106.102008",
    journal = "Phys. Rev. D",
    volume = "106",
    number = "10",
    pages = "102008",
    year = "2022"
}

@article{KAGRA:2022dqk,
    author = "Abbott, R. and others",
    collaboration = "LIGO Scientific, Virgo, KAGRA",
    title = "{Search for gravitational waves from Scorpius X-1 with a hidden Markov model in O3 LIGO data}",
    eprint = "2201.10104",
    archivePrefix = "arXiv",
    primaryClass = "gr-qc",
    reportNumber = "LIGO-P2100405",
    doi = "10.1103/PhysRevD.106.062002",
    journal = "Phys. Rev. D",
    volume = "106",
    number = "6",
    pages = "062002",
    year = "2022"
}

@article{KAGRA:2022twx,
    author = "Abbott, R. and others",
    collaboration = "LIGO Scientific, Virgo, KAGRA",
    title = "{First joint observation by the underground gravitational-wave detector KAGRA with GEO 600}",
    eprint = "2203.01270",
    archivePrefix = "arXiv",
    primaryClass = "gr-qc",
    reportNumber = "LIGO-P2100286",
    doi = "10.1093/ptep/ptac073",
    journal = "PTEP",
    volume = "2022",
    number = "6",
    pages = "063F01",
    year = "2022"
}

@article{KAGRA:2022fgc,
    author = "Abe, H. and others",
    collaboration = "KAGRA",
    title = "{Performance of the KAGRA detector during the first joint observation with GEO\,600 (O3GK)}",
    eprint = "2203.07011",
    archivePrefix = "arXiv",
    primaryClass = "astro-ph.IM",
    reportNumber = "JGW-P2113405",
    doi = "10.1093/ptep/ptac093",
    journal = "PTEP",
    volume = "2023",
    number = "10",
    pages = "10A101",
    year = "2023"
}

@article{LIGOScientific:2022jpr,
    author = "Abbott, R. and others",
    collaboration = "LIGO Scientific, Virgo, KAGRA, CHIME/FRB",
    title = "{Search for Gravitational Waves Associated with Fast Radio Bursts Detected by CHIME/FRB during the LIGO\textendash{}Virgo Observing Run O3a}",
    eprint = "2203.12038",
    archivePrefix = "arXiv",
    primaryClass = "astro-ph.HE",
    reportNumber = "P2100124",
    doi = "10.3847/1538-4357/acd770",
    journal = "Astrophys. J.",
    volume = "955",
    number = "2",
    pages = "155",
    year = "2023"
}

@article{KAGRA:2022osp,
    author = "Abbott, R. and others",
    collaboration = "LIGO Scientific, Virgo, KAGRA",
    title = "{Search for continuous gravitational wave emission from the Milky~Way center in O3 LIGO-Virgo data}",
    eprint = "2204.04523",
    archivePrefix = "arXiv",
    primaryClass = "astro-ph.HE",
    doi = "10.1103/PhysRevD.106.042003",
    journal = "Phys. Rev. D",
    volume = "106",
    number = "4",
    pages = "042003",
    year = "2022"
}

@article{KAGRA:2022qtq,
    author = "Abe, Homare and others",
    collaboration = "KAGRA",
    title = "{The Current Status and Future Prospects of KAGRA, the Large-Scale Cryogenic Gravitational Wave Telescope Built in the Kamioka Underground}",
    doi = "10.3390/galaxies10030063",
    journal = "Galaxies",
    volume = "10",
    number = "3",
    pages = "63",
    year = "2022"
}

@article{KAGRA:2022frk,
    author = "Abe, H. and others",
    collaboration = "KAGRA",
    title = "{Noise subtraction from KAGRA O3GK data using Independent Component Analysis}",
    eprint = "2206.05785",
    archivePrefix = "arXiv",
    primaryClass = "astro-ph.IM",
    reportNumber = "JGW-P2214018, RESCEU-5/22",
    doi = "10.1088/1361-6382/acc0cb",
    journal = "Class. Quant. Grav.",
    volume = "40",
    number = "8",
    pages = "085015",
    year = "2023"
}

@article{LIGOScientific:2022enz,
    author = "Abbott, R. and others",
    collaboration = "LIGO Scientific, Virgo, KAGRA",
    title = "{Model-based Cross-correlation Search for Gravitational Waves from the Low-mass X-Ray Binary Scorpius X-1 in LIGO O3 Data}",
    eprint = "2209.02863",
    archivePrefix = "arXiv",
    primaryClass = "astro-ph.HE",
    reportNumber = "LIGO-P2100110-v11, FERMILAB-PUB-22-948-V, LIGO-P2100110-v13",
    doi = "10.3847/2041-8213/aca1b0",
    journal = "Astrophys. J. Lett.",
    volume = "941",
    number = "2",
    pages = "L30",
    year = "2022"
}

@article{LIGOScientific:2022sts,
    author = "Abbott, R. and others",
    collaboration = "LIGO Scientific, Virgo, KAGRA",
    title = "{Search for Gravitational-wave Transients Associated with Magnetar Bursts in Advanced LIGO and Advanced Virgo Data from the Third Observing Run}",
    eprint = "2210.10931",
    archivePrefix = "arXiv",
    primaryClass = "astro-ph.HE",
    reportNumber = "LIGO-P2100387",
    doi = "10.3847/1538-4357/ad27d3",
    journal = "Astrophys. J.",
    volume = "966",
    number = "1",
    pages = "137",
    year = "2024"
}

@article{LVK:2022ydq,
    author = "Abbott, R. and others",
    collaboration = "LIGO Scientific, Virgo, KAGRA",
    title = "{Search for subsolar-mass black hole binaries in the second part of Advanced LIGO\textquoteright{}s and Advanced Virgo\textquoteright{}s third observing run}",
    eprint = "2212.01477",
    archivePrefix = "arXiv",
    primaryClass = "astro-ph.HE",
    doi = "10.1093/mnras/stad588",
    journal = "Mon. Not. Roy. Astron. Soc.",
    volume = "524",
    number = "4",
    pages = "5984--5992",
    year = "2023",
    note = "[Erratum: Mon.Not.Roy.Astron.Soc. 526, 6234 (2023)]"
}

@article{KAGRA:2023pio,
    author = "Abbott, R. and others",
    collaboration = "LIGO Scientific, Virgo, KAGRA",
    title = "{Open Data from the Third Observing Run of LIGO, Virgo, KAGRA, and GEO}",
    eprint = "2302.03676",
    archivePrefix = "arXiv",
    primaryClass = "gr-qc",
    reportNumber = "LIGO-P2200316",
    doi = "10.3847/1538-4365/acdc9f",
    journal = "Astrophys. J. Suppl.",
    volume = "267",
    number = "2",
    pages = "29",
    year = "2023"
}

@article{LIGOScientific:2023bwz,
    author = "Abbott, R. and others",
    collaboration = "LIGO Scientific, Virgo, KAGRA",
    title = "{Search for Gravitational-lensing Signatures in the Full Third Observing Run of the LIGO\textendash{}Virgo Network}",
    eprint = "2304.08393",
    archivePrefix = "arXiv",
    primaryClass = "gr-qc",
    reportNumber = "LIGO-P2200031",
    doi = "10.3847/1538-4357/ad3e83",
    journal = "Astrophys. J.",
    volume = "970",
    number = "2",
    pages = "191",
    year = "2024"
}

@article{LIGOScientific:2023lpe,
    author = "Abac, A. G. and others",
    collaboration = "LIGO Scientific, Virgo, KAGRA",
    title = "{Search for Eccentric Black Hole Coalescences during the Third Observing Run of LIGO and Virgo}",
    eprint = "2308.03822",
    archivePrefix = "arXiv",
    primaryClass = "astro-ph.HE",
    reportNumber = "LIGO-P2300080",
    doi = "10.3847/1538-4357/ad65ce",
    journal = "Astrophys. J.",
    volume = "973",
    number = "2",
    pages = "132",
    year = "2024"
}

@article{FermiGamma-RayBurstMonitorTeam:2023mtr,
    author = "Fletcher, C. and others",
    collaboration = "Fermi Gamma-Ray Burst Monitor Team, LIGO Scientific, Virgo, KAGRA",
    title = "{A Joint Fermi-GBM and Swift-BAT Analysis of Gravitational-wave Candidates from the Third Gravitational-wave Observing Run}",
    eprint = "2308.13666",
    archivePrefix = "arXiv",
    primaryClass = "astro-ph.HE",
    doi = "10.3847/1538-4357/ad1eed",
    journal = "Astrophys. J.",
    volume = "964",
    number = "2",
    pages = "149",
    year = "2024"
}

@article{KAGRA:2023wld,
    author = "Akutsu, T. and others",
    collaboration = "KAGRA",
    title = "{Overview of KAGRA : Data transfer and management}",
    doi = "10.1093/ptep/ptad112",
    journal = "PTEP",
    volume = "2023",
    number = "10",
    pages = "10A102",
    year = "2023"
}

@article{KAGRA:2024ipf,
    author = "Abac, A. G. and others",
    collaboration = "LIGO Scientific, Virgo, KAGRA",
    title = "{Ultralight vector dark matter search using data from the KAGRA O3GK run}",
    eprint = "2403.03004",
    archivePrefix = "arXiv",
    primaryClass = "astro-ph.CO",
    reportNumber = "LIGO-P2300250",
    doi = "10.1103/PhysRevD.110.042001",
    journal = "Phys. Rev. D",
    volume = "110",
    number = "4",
    pages = "042001",
    year = "2024"
}

@article{LIGOScientific:2024elc,
    author = "Abac, A. G. and others",
    collaboration = "LIGO Scientific, Virgo, KAGRA",
    title = "{Observation of Gravitational Waves from the Coalescence of a 2.5\textendash{}4.5 M $_{⊙}$ Compact Object and a Neutron Star}",
    eprint = "2404.04248",
    archivePrefix = "arXiv",
    primaryClass = "astro-ph.HE",
    reportNumber = "LIGO-P2300352",
    doi = "10.3847/2041-8213/ad5beb",
    journal = "Astrophys. J. Lett.",
    volume = "970",
    number = "2",
    pages = "L34",
    year = "2024"
}

@article{LIGOScientific:2024sgg,
    author = "Raman, Gayathri and others",
    collaboration = "LIGO Scientific, Virgo,, KAGRA, Swift, Swift-BAT/GUANO",
    title = "{Swift-BAT GUANO Follow-up of Gravitational-wave Triggers in the Third LIGO\textendash{}Virgo\textendash{}KAGRA Observing Run}",
    eprint = "2407.12867",
    archivePrefix = "arXiv",
    primaryClass = "astro-ph.HE",
    doi = "10.3847/1538-4357/ad9749",
    journal = "Astrophys. J.",
    volume = "980",
    number = "2",
    pages = "207",
    year = "2025"
}

@article{LIGOScientific:2024avz,
    author = "Abac, A. G. and others",
    collaboration = "LIGO Scientific, Virgo, KAGRA",
    title = "{A Search Using GEO600 for Gravitational Waves Coincident with Fast Radio Bursts from SGR 1935+2154}",
    eprint = "2410.09151",
    archivePrefix = "arXiv",
    primaryClass = "astro-ph.HE",
    reportNumber = "LIGO-P2400192",
    doi = "10.3847/1538-4357/ad8de0",
    journal = "Astrophys. J.",
    volume = "977",
    number = "2",
    pages = "255",
    year = "2024"
}

@article{LIGOScientific:2024jxh,
    author = "Abac, A. G. and others",
    collaboration = "LIGO Scientific, KAGRA, VIRGO",
    title = "{Search for Gravitational Waves Emitted from SN 2023ixf}",
    eprint = "2410.16565",
    archivePrefix = "arXiv",
    primaryClass = "astro-ph.HE",
    reportNumber = "LIGO-P2400125",
    doi = "10.3847/1538-4357/adc681",
    journal = "Astrophys. J.",
    volume = "985",
    number = "2",
    pages = "183",
    year = "2025"
}

@article{LIGOScientific:2025kei,
    author = "Abac, A. G. and others",
    collaboration = "LIGO Scientific, VIRGO, KAGRA",
    title = "{Search for Continuous Gravitational Waves from Known Pulsars in the First Part of the Fourth LIGO-Virgo-KAGRA Observing Run}",
    eprint = "2501.01495",
    archivePrefix = "arXiv",
    primaryClass = "astro-ph.HE",
    reportNumber = "LIGO-P2400315",
    doi = "10.3847/1538-4357/adb3a0",
    journal = "Astrophys. J.",
    volume = "983",
    number = "2",
    pages = "99",
    year = "2025"
}

@article{LIGOScientific:2025rsn,
    author = "Abac, A. G. and others",
    collaboration = "LIGO Scientific, VIRGO, KAGRA",
    title = "{GW231123: a Binary Black Hole Merger with Total Mass 190-265 $M_{\odot}$}",
    eprint = "2507.08219",
    archivePrefix = "arXiv",
    primaryClass = "astro-ph.HE",
    reportNumber = "DCC: P2500026-v6",
    month = "7",
    year = "2025"
}

@article{LIGOScientific:2025abo,
    author = "Abac, A. G. and others",
    collaboration = "LIGO Scientific, VIRGO, KAGRA",
    title = "{All-sky search for short gravitational-wave bursts in the first part of the fourth LIGO-Virgo-KAGRA observing run}",
    eprint = "2507.12374",
    archivePrefix = "arXiv",
    primaryClass = "astro-ph.HE",
    reportNumber = "LIGO-P2400601-v8, LIGO-P2400601-v5",
    month = "7",
    year = "2025"
}

@article{LIGOScientific:2025ksg,
    author = "Abac, A. G. and others",
    collaboration = "LIGO Scientific, VIRGO, KAGRA",
    title = "{All-sky search for long-duration gravitational-wave transients in the first part of the fourth LIGO-Virgo-KAGRA Observing run}",
    eprint = "2507.12282",
    archivePrefix = "arXiv",
    primaryClass = "gr-qc",
    reportNumber = "LIGO-P2500090-v6",
    month = "7",
    year = "2025"
}

@article{LIGOScientific:2025pvj,
    collaboration = "LIGO Scientific, VIRGO, KAGRA",
    title = "{GWTC-4.0: Population Properties of Merging Compact Binaries}",
    eprint = "2508.18083",
    archivePrefix = "arXiv",
    primaryClass = "astro-ph.HE",
    reportNumber = "LIGO-P2400004",
    month = "8",
    year = "2025"
}

@article{LIGOScientific:2025slb,
    collaboration = "LIGO Scientific, VIRGO, KAGRA",
    title = "{GWTC-4.0: Updating the Gravitational-Wave Transient Catalog with Observations from the First Part of the Fourth LIGO-Virgo-KAGRA Observing Run}",
    eprint = "2508.18082",
    archivePrefix = "arXiv",
    primaryClass = "gr-qc",
    reportNumber = "LIGO-P2400386",
    month = "8",
    year = "2025"
}

@article{LIGOScientific:2025yae,
    author = "Abac, A. G. and others",
    collaboration = "LIGO Scientific, VIRGO, KAGRA",
    title = "{GWTC-4.0: Methods for Identifying and Characterizing Gravitational-wave Transients}",
    eprint = "2508.18081",
    archivePrefix = "arXiv",
    primaryClass = "gr-qc",
    reportNumber = "LIGO-P2400300",
    month = "8",
    year = "2025"
}

@article{LIGOScientific:2025hdt,
    author = "Abac, A. G. and others",
    collaboration = "LIGO Scientific, VIRGO, KAGRA",
    title = "{GWTC-4.0: An Introduction to Version 4.0 of the Gravitational-Wave Transient Catalog}",
    eprint = "2508.18080",
    archivePrefix = "arXiv",
    primaryClass = "gr-qc",
    reportNumber = "LIGO-P2400293",
    month = "8",
    year = "2025"
}

@article{LIGOScientific:2025snk,
    collaboration = "LIGO Scientific, VIRGO, KAGRA",
    title = "{Open Data from LIGO, Virgo, and KAGRA through the First Part of the Fourth Observing Run}",
    eprint = "2508.18079",
    archivePrefix = "arXiv",
    primaryClass = "gr-qc",
    reportNumber = "LIGO-P2500167",
    month = "8",
    year = "2025"
}

@article{LIGOScientific:2025bgj,
    author = "Abac, A. G. and others",
    collaboration = "LIGO Scientific, VIRGO, KAGRA",
    title = "{Upper Limits on the Isotropic Gravitational-Wave Background from the first part of LIGO, Virgo, and KAGRA's fourth Observing Run}",
    eprint = "2508.20721",
    archivePrefix = "arXiv",
    primaryClass = "gr-qc",
    reportNumber = "LIGO-P2500349",
    month = "8",
    year = "2025"
}

@article{LIGOScientific:2025jau,
    collaboration = "LIGO Scientific, VIRGO, KAGRA",
    title = "{GWTC-4.0: Constraints on the Cosmic Expansion Rate and Modified Gravitational-wave Propagation}",
    eprint = "2509.04348",
    archivePrefix = "arXiv",
    primaryClass = "astro-ph.CO",
    reportNumber = "LIGO-P2400152",
    month = "9",
    year = "2025"
}

@article{LIGOScientific:2025csr,
    author = "Abac, A. G. and others",
    collaboration = "LIGO Scientific, VIRGO, KAGRA",
    title = "{Directed searches for gravitational waves from ultralight vector boson clouds around merger remnant and galactic black holes during the first part of the fourth LIGO-Virgo-KAGRA observing run}",
    eprint = "2509.07352",
    archivePrefix = "arXiv",
    primaryClass = "gr-qc",
    reportNumber = "LIGO-P2500256",
    month = "9",
    year = "2025"
}

@article{LIGOScientific:2025cmm,
    collaboration = "LIGO Scientific, VIRGO, Kagra",
    title = "{GW230814: investigation of a loud gravitational-wave signal observed with a single detector}",
    eprint = "2509.07348",
    archivePrefix = "arXiv",
    primaryClass = "gr-qc",
    reportNumber = "LIGO-P230814",
    month = "9",
    year = "2025"
}

@article{LIGOScientific:2025obp,
    collaboration = "LIGO Scientific, VIRGO, KAGRA",
    title = "{Black Hole Spectroscopy and Tests of General Relativity with GW250114}",
    eprint = "2509.08099",
    archivePrefix = "arXiv",
    primaryClass = "gr-qc",
    reportNumber = "LIGO P2500461",
    month = "9",
    year = "2025"
}

@article{KAGRA:2025oiz,
    author = "Abac, A. G. and others",
    collaboration = "KAGRA, Virgo, LIGO Scientific",
    title = "{GW250114: Testing Hawking{\textquoteright}s Area Law and the Kerr Nature of Black Holes}",
    eprint = "2509.08054",
    archivePrefix = "arXiv",
    primaryClass = "gr-qc",
    reportNumber = "LIGO-P2500421",
    doi = "10.1103/kw5g-d732",
    journal = "Phys. Rev. Lett.",
    volume = "135",
    number = "11",
    pages = "111403",
    year = "2025"
}

