% Papers

@article{KAGRA:2017trw,
    author = "Michimura, Yuta and Shimoda, Tomofumi and Miyamoto, Takahiro and Shoda, Ayaka and Okutomi, Koki and Fujii, Yoshinori and Tanaka, Hiroki and Barton, Mark A. and Takahashi, Ryutaro and Aso, Yoichi and Akutsu, Tomotada and Ando, Masaki and Enomoto, Yutaro and Flaminio, Raffaele and Hayama, Kazuhiro and Hirose, Eiichi and Inoue, Yuki and Kajita, Takaaki and Kamiizumi, Masahiro and Kawamura, Seiji and Kokeyama, Keiko and Komori, Kentaro and Kumar, Rahul and Miyakawa, Osamu and Nagano, Koji and Nakano, Masayuki and Ohishi, Naoko and Ooi, Ching Pin and Pe침a Arellano, Fabi치n Erasmo and Saito, Yoshio and Shimode, Katsuhiko and Somiya, Kentaro and Takeda, Hiroki and Tomaru, Takayuki and Uchiyama, Takashi and Ushiba, Takafumi and Yamamoto, Kazuhiro and Yokozawa, Takaaki and Yuzurihara, Hirotaka",
    collaboration = "KAGRA",
    title = "{Mirror actuation design for the interferometer control of the KAGRA gravitational wave telescope}",
    eprint = "1709.02574",
    archivePrefix = "arXiv",
    primaryClass = "physics.ins-det",
    reportNumber = "JGW-P1707051",
    doi = "10.1088/1361-6382/aa90e3",
    journal = "Class. Quant. Grav.",
    volume = "34",
    number = "22",
    pages = "225001",
    year = "2017",
    keywords = {short},
}

@article{Komori:2018xtg,
    author = "Komori, Kentaro and Enomoto, Yutaro and Takeda, Hiroki and Michimura, Yuta and Somiya, Kentaro and Ando, Masaki and Ballmer, Stefan W.",
    title = "{Direct approach for the fluctuation-dissipation theorem under nonequilibrium steady-state conditions}",
    eprint = "1803.00585",
    archivePrefix = "arXiv",
    primaryClass = "gr-qc",
    doi = "10.1103/PhysRevD.97.102001",
    journal = "Phys. Rev. D",
    volume = "97",
    number = "10",
    pages = "102001",
    year = "2018",
    keywords = {short}
}

@article{Michimura:2018sih,
    author = "Michimura, Yuta and Komori, Kentaro and Nishizawa, Atsushi and Takeda, Hiroki and Nagano, Koji and Enomoto, Yutaro and Hayama, Kazuhiro and Somiya, Kentaro and Ando, Masaki",
    title = "{Particle swarm optimization of the sensitivity of a cryogenic gravitational wave detector}",
    eprint = "1804.09894",
    archivePrefix = "arXiv",
    primaryClass = "gr-qc",
    reportNumber = "JGW-P1808146",
    doi = "10.1103/PhysRevD.97.122003",
    journal = "Phys. Rev. D",
    volume = "97",
    number = "12",
    pages = "122003",
    year = "2018",
    keywords = {short}
}

@article{Takeda:2018uai,
    author = "Takeda, Hiroki and Nishizawa, Atsushi and Michimura, Yuta and Nagano, Koji and Komori, Kentaro and Ando, Masaki and Hayama, Kazuhiro",
    title = "{Polarization test of gravitational waves from compact binary coalescences}",
    eprint = "1806.02182",
    archivePrefix = "arXiv",
    primaryClass = "gr-qc",
    doi = "10.1103/PhysRevD.98.022008",
    journal = "Phys. Rev. D",
    volume = "98",
    number = "2",
    pages = "022008",
    year = "2018",
    keywords = {short}
}

@article{Takeda:2019gwk,
    author = "Takeda, Hiroki and Nishizawa, Atsushi and Nagano, Koji and Michimura, Yuta and Komori, Kentaro and Ando, Masaki and Hayama, Kazuhiro",
    title = "{Prospects for gravitational-wave polarization tests from compact binary mergers with future ground-based detectors}",
    eprint = "1904.09989",
    archivePrefix = "arXiv",
    primaryClass = "gr-qc",
    doi = "10.1103/PhysRevD.100.042001",
    journal = "Phys. Rev. D",
    volume = "100",
    number = "4",
    pages = "042001",
    year = "2019",
    keywords = {short}
}


@article{10.1093/ptep/ptaa124,
	author = {Izumi, Kiwamu and Sago, Norichika and Akutsu, Tomotada and Ando, Masaki and Fujita, Ryuichi and Fukunabe, Kenji and Kita, Naoki and Kobayashi, Masato and Komori, Kentaro and Michimura, Yuta and Musha, Mitsuru and Nagano, Koji and Nakano, Hiroyuki and Okasaka, Hiroki and Seto, Naoki and Shoda, Ayaka and Tagoshi, Hideyuki and Takano, Satoru and Takeda, Hiroki and Tanaka, Takahiro and Yamada, Kei},
	doi = {10.1093/ptep/ptaa124},
	eprint = {https://academic.oup.com/ptep/article-pdf/2021/5/05A106/37953039/ptaa124.pdf},
	issn = {2050-3911},
	journal = {Progress of Theoretical and Experimental Physics},
	month = {08},
	number = {5},
	pages = {05A106},
	title = {The current status of contribution activities in Japan for LISA},
	url = {https://doi.org/10.1093/ptep/ptaa124},
	volume = {2021},
	year = {2020},
	bdsk-url-1 = {https://doi.org/10.1093/ptep/ptaa124},
        keywords = {short}
}

@article{Michimura:2020xnj,
    author = "Michimura, Yuta and Komori, Kentaro and Enomoto, Yutaro and Nagano, Koji and Nishizawa, Atsushi and Hirose, Eiichi and Leonardi, Matteo and Capocasa, Eleonora and Aritomi, Naoki and Zhao, Yuhang and Flaminio, Raffaele and Ushiba, Takafumi and Yamada, Tomohiro and Wei, Li-Wei and Takeda, Hiroki and Tanioka, Satoshi and Ando, Masaki and Yamamoto, Kazuhiro and Hayama, Kazuhiro and Haino, Sadakazu and Somiya, Kentaro",
    title = "{Prospects for improving the sensitivity of the cryogenic gravitational wave detector KAGRA}",
    eprint = "2006.08970",
    archivePrefix = "arXiv",
    primaryClass = "gr-qc",
    reportNumber = "JGW-P2011740",
    doi = "10.1103/PhysRevD.102.022008",
    journal = "Phys. Rev. D",
    volume = "102",
    number = "2",
    pages = "022008",
    year = "2020",
    keywords = {short}
}

@article{Akutsu:2020efg,
    author =  "Akutsu, Tomotada and Pe침a Arellano, Fabi치n Erasmo and Shoda, Ayaka and Fujii, Yoshinori and Okutomi, Koki and Barton, Mark Andrew and Takahashi, Ryutaro and Komori, Kentaro and Aritomi, Naoki and Shimoda, Tomofumi and Takano, Satoru and Takeda, Hiroki and Tapia San Martin, Enzo Nicolas and Kozu, Ryohei and Ikenoue, Bungo and Obuchi, Yoshiyuki and Fukushima, Mitsuhiro and Aso, Yoichi and Michimura, Yuta and Miyakawa, Osamu and Kamiizumi, Masahiro",
    title = "{Compact integrated optical sensors and electromagnetic actuators for vibration isolation systems in the gravitational-wave detector KAGRA}",
    eprint = "2007.09571",
    archivePrefix = "arXiv",
    primaryClass = "astro-ph.IM",
    reportNumber = "JGW-P2011605",
    doi = "10.1063/5.0022242",
    journal = "Rev. Sci. Instrum.",
    volume = "91",
    number = "11",
    pages = "115001",
    year = "2020",
    keywords = {short}
}

@article{Nagano:2020att,
    author = "Nagano, Koji and Takeda, Hiroki and Michimura, Yuta and Uchiyama, Takashi and Ando, Masaki",
    title = "{Demonstration of a dual-pass differential Fabry-Perot interferometer for future interferometric space gravitational wave antennas}",
    eprint = "2008.12462",
    archivePrefix = "arXiv",
    primaryClass = "astro-ph.IM",
    doi = "10.1088/1361-6382/abed60",
    journal = "Class. Quant. Grav.",
    volume = "38",
    number = "8",
    pages = "085018",
    year = "2021",
    keywords = {short}
}

@article{Takeda:2020tjj,
    author = "Takeda, Hiroki and Morisaki, Soichiro and Nishizawa, Atsushi",
    title = "{Pure polarization test of GW170814 and GW170817 using waveforms consistent with modified theories of gravity}",
    eprint = "2010.14538",
    archivePrefix = "arXiv",
    primaryClass = "gr-qc",
    reportNumber = "LIGO-P2000406-v2",
    doi = "10.1103/PhysRevD.103.064037",
    journal = "Phys. Rev. D",
    volume = "103",
    number = "6",
    pages = "064037",
    year = "2021",
    keywords = {short}
}

@article{Takeda:2021hgo,
    author = "Takeda, Hiroki and Morisaki, Soichiro and Nishizawa, Atsushi",
    title = "{Search for scalar-tensor mixed polarization modes of gravitational waves}",
    eprint = "2105.00253",
    archivePrefix = "arXiv",
    primaryClass = "gr-qc",
    reportNumber = "LIGO-P2100137",
    doi = "10.1103/PhysRevD.105.084019",
    journal = "Phys. Rev. D",
    volume = "105",
    number = "8",
    pages = "084019",
    year = "2022",
    keywords = {short}
}

@article{Kinugawa:2019uey,
    author = "Kinugawa, Tomoya and Takeda, Hiroki and Tanikawa, Ataru and Yamaguchi, Hiroya",
    title = "{Probe for Type Ia Supernova Progenitor in Decihertz Gravitational Wave Astronomy}",
    eprint = "1910.01063",
    archivePrefix = "arXiv",
    primaryClass = "astro-ph.HE",
    doi = "10.3847/1538-4357/ac9135",
    journal = "Astrophys. J.",
    volume = "938",
    number = "1",
    pages = "52",
    year = "2022",
    keywords = {short}
}

@article{Takeda:2023mhl,
    author = "Takeda, Hiroki and Manita, Yusuke and Omiya, Hidetoshi and Tanaka, Takahiro",
    title = "{Scalar polarization window in gravitational-wave signals}",
    eprint = "2304.14430",
    archivePrefix = "arXiv",
    primaryClass = "gr-qc",
    doi = "10.1093/ptep/ptad082",
    journal = "PTEP",
    volume = "2023",
    number = "7",
    pages = "073E01",
    year = "2023",
    keywords = {short}
}

@article{Manita:2023mnc,
    author = "Manita, Yusuke and Takeda, Hiroki and Aoki, Katsuki and Fujita, Tomohiro and Mukohyama, Shinji",
    title = "{Exploring the spin of ultralight dark matter with gravitational wave detectors}",
    eprint = "2310.10646",
    archivePrefix = "arXiv",
    primaryClass = "hep-ph",
    reportNumber = "KUNS-2979, YITP-23-122, IPMU23-0034",
    doi = "10.1103/PhysRevD.109.095012",
    journal = "Phys. Rev. D",
    volume = "109",
    number = "9",
    pages = "095012",
    year = "2024",
    keywords = {short}
}

@article{Takeda:2023wqn,
    author = "Takeda, Hiroki and Tsujikawa, Shinji and Nishizawa, Atsushi",
    title = "{Gravitational-wave constraints on scalar-tensor gravity from a neutron star and black-hole binary GW200115}",
    eprint = "2311.09281",
    archivePrefix = "arXiv",
    primaryClass = "gr-qc",
    reportNumber = "LIGO-P2300395-v2, WUCG-23-11",
    doi = "10.1103/PhysRevD.109.104072",
    journal = "Phys. Rev. D",
    volume = "109",
    number = "10",
    pages = "104072",
    year = "2024",
    keywords = {short}
}

@article{Takeda:2024ghe,
    author = "Takeda, Hiroki and Tanaka, Takahiro",
    title = "{Strong lensing of gravitational waves with modified propagation}",
    eprint = "2404.10809",
    archivePrefix = "arXiv",
    primaryClass = "gr-qc",
    doi = "10.1103/PhysRevD.110.104050",
    journal = "Phys. Rev. D",
    volume = "110",
    number = "10",
    pages = "104050",
    year = "2024",
    keywords = {short}
}

@article{Imafuku:2025fta,
    author = "Imafuku, Hayato and Takeda, Hiroki and Nishizawa, Atsushi and Watarai, Daiki and Cannon, Kipp",
    title = "{Statistical biases in parameterized searches for gravitational-wave polarizations}",
    eprint = "2501.16788",
    archivePrefix = "arXiv",
    primaryClass = "gr-qc",
    reportNumber = "RESCEU-2/25",
    month = "1",
    year = "2025",
    keywords = {short}
}

@article{Takeda:2025cye,
    author = "Takeda, Hiroki and Tanaka, Takahiro",
    title = "{Quantum decoherence of gravitational waves}",
    eprint = "2502.18560",
    archivePrefix = "arXiv",
    primaryClass = "gr-qc",
    month = "2",
    year = "2025",
    keywords = {short}
}
