% Invited
@conference{Takeda2025invited,
  author = {Takeda, Hiroki},
  title = {Gravity Meets Quantum Measurements: Testing General Relativity with Gravitational Waves},
  booktitle = {3rd Joint Workshop on General Relativity and Cosmology},
  address = {Saitama, Japan},
  month = {3},
  year = {2025},
  keywords = {invited}
}

@conference{Takeda2024dec,
  author = {Takeda, Hiroki},
  title = {Testing Gravity through Gravitational Wave Observations},
  booktitle = {Bottom-up particle and gravity fusion theory and cosmological observations},
  address = {Niigata University, Niigata, Japan},
  month = {12},
  year = {2024},
  keywords = {invited}
}

@conference{Takeda2024oct,
  author = {Takeda, Hiroki},
  title = {Testing gravity through gravitational-wave observation of compact binary mergers},
  booktitle = {Data Oriented Astronomy 2024},
  address = {The Institute of Statistical Mathematics, Tokyo, Japan},
  month = {10},
  year = {2024},
  keywords = {invited}
}

@conference{Takeda2024mar,
  author = {Takeda, Hiroki},
  title = {Observations of gravitational waves from compact binary mergers},
  booktitle = {The First Young Researchers' Workshop on Multi-Messenger Astronomy},
  address = {Tokyo, Japan},
  month = {3},
  year = {2024},
  keywords = {invited}
}

@conference{Takeda2023gw,
  author = {Takeda, Hiroki},
  title = {Probing scalar polarizations in gravitational waves},
  booktitle = {GW research exchange meeting},
  address = {online},
  month = {6},
  year = {2023},
  keywords = {invited}
}

@conference{Takeda2023waseda,
  author = {Takeda, Hiroki},
  title = {Scalar polarization window in gravitational-wave signals from compact binary coalescences},
  booktitle = {Seminar, Waseda University},
  address = {Tokyo, Japan},
  month = {5},
  year = {2023},
  keywords = {invited}
}

@conference{Takeda2022decigo,
  author = {Takeda, Hiroki},
  title = {Polarization tests by DECIGO},
  booktitle = {21st DECIGO workshop},
  address = {online},
  month = {12},
  year = {2022},
  keywords = {invited}
}

@conference{Takeda2022obs,
  author = {Takeda, Hiroki},
  title = {Consistent search for polarization modes of gravitational waves from generation to detection},
  booktitle = {Observational Cosmology Summer Workshop in 2022},
  address = {Hamamatsu, Japan},
  month = {8},
  year = {2022},
  keywords = {invited}
}

@conference{Takeda2018wuhan,
  author = {Takeda, Hiroki},
  title = {Polarization test of gravitational waves from compact binary coalescences},
  booktitle = {Seminar at Institute of Particle Physics and Astrophysics, School of Physics, Huazhong University of Science and Technology},
  address = {Wuhan, China},
  month = {11},
  year = {2018},
  keywords = {invited}
}

% International oral
@conference{Takeda2023jgrg,
  author = {Takeda, Hiroki and Tsujikawa, Shinji and Nishizawa, Atsushi},
  title = {Gravitational-wave constraints on scalar-tensor gravity from a black-hole and neutron star binary},
  booktitle = {The 32th Workshop on General Relativity and Gravitation in Japan â€“ JGRG32},
  address = {Nagoya, Japan},
  month = {11},
  year = {2023},
  keywords = {int_oral}
}

@conference{Takeda2023amaldi,
  author = {Takeda, Hiroki and Manita, Yusuke and Omiya, Hidetoshi and Tanaka, Takahiro},
  title = {Scalar polarizations window in gravitational wave signals},
  booktitle = {14th Edoardo Amaldi Conference on Gravitational Waves},
  address = {online},
  month = {7},
  year = {2023},
  keywords = {int_oral}
}

@conference{Takeda2022gr23,
  author = {Takeda, Hiroki and Morisaki, Soichiro and Nishizawa, Atsushi},
  title = {Search for mixture of scalar-tensor polarizations of gravitational waves},
  booktitle = {23rd International Conference on General Relativity and Gravitation},
  address = {Beijing, China},
  month = {7},
  year = {2022},
  keywords = {int_oral}
}

@conference{Takeda2021genesis,
  author = {Takeda, Hiroki and Morisaki, Soichiro and Nishizawa, Atsushi},
  title = {Testing gravity theory with gravitational wave polarizations},
  booktitle = {Innovative Area "Gravitational Wave Physics and Astronomy: Genesis" Group A Winter Camp},
  address = {Kyoto, Japan},
  month = {1},
  year = {2021},
  keywords = {int_oral}
}

@conference{Takeda2021gwpaw,
  author = {Takeda, Hiroki and Morisaki, Soichiro and Nishizawa, Atsushi},
  title = {Scalar-tensor mixed polarization search for gravitational waves from compact binary coalescences},
  booktitle = {Gravitational Wave Physics and Astronomy Workshop 2021},
  address = {Hannover, Germany},
  month = {12},
  year = {2021},
  keywords = {int_oral}
}

@conference{Takeda2020kagra,
  author = {Takeda, Hiroki and Nishizawa, Atsushi and Morisaki, Soichiro},
  title = {Polarization tests of GW170814 and GW170817 using waveforms consistent with alternative theories of gravity},
  booktitle = {7th KAGRA International Workshop},
  address = {online (Taiwan in-person)},
  month = {12},
  year = {2020},
  keywords = {int_oral}
}

@conference{Takeda2019gwpaw,
  author = {Takeda, Hiroki and Kinugawa, Tomoya and Yamaguchi, Hiroya},
  title = {Ability of DECIGO to constrain the Type Ia supernova progenitor system},
  booktitle = {Gravitational Wave Physics and Astronomy Workshop 2019},
  address = {Tokyo, Japan},
  month = {10},
  year = {2019},
  keywords = {int_oral}
}

@conference{Takeda2018jgrg,
  author = {Takeda, Hiroki and Nishizawa, Atsushi and Michimura, Yuta and Nagano, Koji and Komori, Kentaro and Ando, Masaki and Hayama, Kazuhiro},
  title = {Probing nontensorial polarization of inspiral gravitational waves with the third-generation detectors},
  booktitle = {JGRG28},
  address = {Tokyo, Japan},
  month = {11},
  year = {2018},
  keywords = {int_oral}
}

@conference{Takeda2018mg15,
  author = {Takeda, Hiroki and Nishizawa, Atsushi and Michimura, Yuta and Nagano, Koji and Komori, Kentaro and Ando, Masaki and Hayama, Kazuhiro},
  title = {Polarization test of gravitational waves from compact binary coalescences},
  booktitle = {15th Marcel Grossmann Meeting},
  address = {Rome, Italy},
  month = {7},
  year = {2018},
  keywords = {int_oral}
}

@conference{Takeda2018kagra,
  author = {Takeda, Hiroki and Nishizawa, Atsushi and Michimura, Yuta and Nagano, Koji and Komori, Kentaro and Ando, Masaki and Hayama, Kazuhiro},
  title = {Parameter estimation with inspiral waveforms of compact binary coalescences including nontensorial gravitational waves polarizations},
  booktitle = {19th KAGRA face-to-face meeting},
  address = {Osaka, Japan},
  month = {5},
  year = {2018},
  keywords = {int_oral}
}

% International poster
@conference{Takeda2024cosmo,
  author = {Takeda, Hiroki and Tanaka, Takahiro},
  title = {Strong lensing of gravitational waves with modified propagation},
  booktitle = {COSMO'24},
  address = {Kyoto, Japan},
  month = {10},
  year = {2024},
  keywords = {int_poster}
}

@conference{Takeda2024lvk,
  author = {Takeda, Hiroki and Tanaka, Takahiro},
  title = {Strong gravitational lensing of gravitational waves with modified propagation},
  booktitle = {LIGO-Virgo-KAGRA meeting},
  address = {Barcelona, Spain},
  month = {9},
  year = {2024},
  keywords = {int_poster}
}

@conference{Takeda2022f2f,
  author = {Takeda, Hiroki and Manita, Yusuke and Omiya, Hidetoshi and Tanaka, Takahiro},
  title = {Scalar gravitational wave and fifth force},
  booktitle = {28th KAGRA Face to Face Meeting},
  address = {online},
  month = {12},
  year = {2022},
  keywords = {int_poster}
}

@conference{Takeda2021amaldi,
  author = {Takeda, Hiroki and Nishizawa, Atsushi and Morisaki, Soichiro},
  title = {Search for scalar-tensor mixed polarization of gravitational waves},
  booktitle = {14th Edoardo Amaldi Conference on Gravitational Waves},
  address = {online},
  month = {7},
  year = {2021},
  keywords = {int_poster}
}

@conference{Takeda2020f2f,
  author = {Takeda, Hiroki and Nishizawa, Atsushi and Morisaki, Soichiro},
  title = {Tests of alternative theories of gravity through gravitational-wave polarization modes},
  booktitle = {26th Face to Face Meeting},
  address = {online},
  month = {12},
  year = {2020},
  keywords = {int_poster}
}

@conference{Takeda2019gr22,
  author = {Takeda, Hiroki and Nishizawa, Atsushi and Michimura, Yuta and Nagano, Koji and Komori, Kentaro and Ando, Masaki and Hayama, Kazuhiro},
  title = {Prospects for gravitational-wave polarization test from compact binary coalescences with next-generation detectors},
  booktitle = {GR22 + Amaldi13},
  address = {Valencia, Spain},
  month = {7},
  year = {2019},
  keywords = {int_poster}
}

% Domestic oral

% Domestic poster
